@online{EnergyIntrovertedVs,
  title = {Energy: {{Introverted}} ({{I}}) vs. {{Extraverted}} ({{E}}) | {{16Personalities}}},
  shorttitle = {Energy},
  url = {https://www.16personalities.com/articles/energy-introverted-vs-extraverted},
  urldate = {2023-12-19},
  langid = {english},
  file = {C:\Users\AlmightyJoel\Zotero\storage\BVQ6J5NN\energy-introverted-vs-extraverted.html}
}

@online{IntroductionAdvocateINFJ,
  title = {Introduction | {{Advocate}} ({{INFJ Personality}}) | {{16Personalities}}},
  url = {https://www.16personalities.com/infj-personality},
  urldate = {2023-12-19},
  langid = {english},
  file = {C:\Users\AlmightyJoel\Zotero\storage\GLL3WJHB\infj-personality.html}
}

@online{MindIntuitiveVs,
  title = {Mind: {{Intuitive}} ({{N}}) vs. {{Observant}} ({{S}}) | {{16Personalities}}},
  shorttitle = {Mind},
  url = {https://www.16personalities.com/articles/mind-intuitive-vs-observant},
  urldate = {2023-12-19},
  langid = {english},
  file = {C:\Users\AlmightyJoel\Zotero\storage\9SKKRACA\mind-intuitive-vs-observant.html}
}

@online{NatureThinkingVs,
  title = {Nature: {{Thinking}} ({{T}}) vs. {{Feeling}} ({{F}}) | {{16Personalities}}},
  shorttitle = {Nature},
  url = {https://www.16personalities.com/articles/nature-thinking-vs-feeling},
  urldate = {2023-12-19},
  langid = {english},
  file = {C:\Users\AlmightyJoel\Zotero\storage\UMSJRLIC\nature-thinking-vs-feeling.html}
}

@online{TacticsJudgingVs,
  title = {Tactics: {{Judging}} ({{J}}) vs. {{Prospecting}} ({{P}}) | {{16Personalities}}},
  shorttitle = {Tactics},
  url = {https://www.16personalities.com/articles/tactics-judging-vs-prospecting},
  urldate = {2023-12-19},
  langid = {english},
  file = {C:\Users\AlmightyJoel\Zotero\storage\K67V2QHD\tactics-judging-vs-prospecting.html}
}
